<?xml version="1.0" encoding="UTF-8"?><collection xmlns="http://www.loc.gov/MARC21/slim"><record><leader>00368nam--2200121-i-4500</leader><controlfield tag="001">000026872</controlfield><controlfield tag="002">20161230</controlfield><controlfield tag="005">20161230201036</controlfield><controlfield tag="008">060222s1000------------r-----000-0-eng-d</controlfield><datafield ind1=" " ind2=" " tag="100"><subfield code="a">Knoch, Werner</subfield></datafield><datafield ind1=" " ind2=" " tag="245"><subfield code="a">Die extraktion von plutonium, uran, ruthenium und zirkonium mit tri-iso-octylamin. teza</subfield></datafield><datafield ind1=" " ind2=" " tag="260"><subfield code="a">Braunschweig, Technische Hochschule, 1961, 103p</subfield></datafield><datafield ind1=" " ind2=" " tag="852"><subfield code="a">9200</subfield></datafield></record></collection>